% This file was created with JabRef 2.9.2.
% Encoding: Cp1252

@ARTICLE{AE,
  author = {P. Agarwal and J. Erickson},
  title = {Geometric Range Searching and its Relatives},
  journal = {Advances in Discrete and Computational Geometry},
  year = {1999},
  pages = {1-56}
}

@ARTICLE{AC04,
  author = {N. Ailon and B. Chazelle},
  title = {Information Theory in Property Testing and Monotonicity Testing in
	Higher Dimension},
  journal = {Information and Computation},
  year = {2006},
  volume = {204},
  pages = {1704-1717},
  number = {11}
}

@ARTICLE{ACCL2,
  author = {N. Ailon and B. Chazelle and S. Comandur and D. Liu},
  title = {Property-Preserving Data Reconstruction},
  journal = {Algorithmica},
  year = {2008},
  volume = {51},
  pages = {160-182},
  number = {2}
}

@ARTICLE{ACCL1,
  author = {N. Ailon and B. Chazelle and S. Comandur and D. Liu},
  title = {Estimating the distance to a monotone function},
  journal = {Random Structures and Algorithms},
  year = {2007},
  volume = {31},
  pages = {371-383},
  number = {3}
}

@ARTICLE{ACCL04,
  author = {N. Ailon and B. Chazelle and S. Comandur and D. Liu},
  title = {Estimating the Distance to a Monotone Function},
  journal = {SIAM Journal of Computing},
  year = {1996},
  volume = {25},
  pages = {647-668}
}

@ARTICLE{AENS06,
  author = {N. Alon and E. Fischer and I. Newman and A. Shapira},
  title = {A Combinatorial Characterization of the Testable Graph Properties
	: it's all about Regularity},
  journal = {SIAM Journal on Computing},
  year = {2009},
  volume = {39},
  pages = {143--167},
  number = {1}
}

@ARTICLE{AS05,
  author = {N. Alon and A. Shapira},
  title = {A Charaterization of the (Natural) Graph Properties Testable with
	One-sided Error},
  journal = {SIAM Journal on Computing},
  year = {2008},
  volume = {37},
  pages = {1703--1727},
  number = {6}
}

@INPROCEEDINGS{ALRS92,
  author = {S. Ar and R. Lipton and R. Rubinfeld and M. Sudan},
  title = {Reconstructing Algebraic Functions from Mixed Data},
  booktitle = {Proceedings of the 33rd Annual Foundations of Computer Science (FOCS)},
  year = {1992},
  pages = {503--512}
}

@ARTICLE{AS97,
  author = {S. Arora and M. Sudan},
  title = {Improved Low-Degree Testing and Its Applications},
  journal = {Combinatorica},
  year = {2003},
  volume = {23},
  pages = {365--426},
  number = {3}
}

@ARTICLE{AT09,
  author = {T. Austin and T. Tao},
  title = {Testability and repair of hereditary hypergraph properties},
  journal = {Random Structures and Algorithms},
  year = {2010},
  volume = {36},
  pages = {373-463},
  number = {4}
}

@INPROCEEDINGS{AwJh+12,
  author = {P. Awasthi and M. Jha and M. Molinaro and S. Raskhodnikova},
  title = {Limitations of Local Filters of Lipschitz and Monotone Functions},
  booktitle = {Workshop on Approximation, Randomization, and Combinatorial Optimization.
	Algorithms and Techniques (RANDOM-APPROX)},
  year = {2012},
  pages = {374-386},
  owner = {scomand},
  timestamp = {2014.07.04}
}

@INPROCEEDINGS{AwJh+12-2,
  author = {P. Awasthi and M. Jha and M. Molinaro and S. Raskhodnikova},
  title = {Testing Lipschitz Functions on Hypergrid Domains},
  booktitle = {Workshop on Approximation, Randomization, and Combinatorial Optimization.
	Algorithms and Techniques (RANDOM-APPROX)},
  year = {2012},
  pages = {374-386},
  owner = {scomand},
  timestamp = {2014.07.04}
}

@INPROCEEDINGS{BFLS,
  author = {L. Babai and L. Fortnow and L. Levin and M. Szegedy},
  title = {Checking computations in polylogarithmic time},
  booktitle = {Proceedings of the 23rd Annual Symposium on Theory of Computing (STOC)},
  year = {1991},
  pages = {21--31}
}

@ARTICLE{BFNW,
  author = {L. Babai and L. Fortnow and N. Nisan and A. Wigderson},
  title = {{$\textrm{PP}$} has subexponential time simulations unless {$\textrm{EXP-TIME}$}
	has publishable proofs},
  journal = {Computational Complexity},
  year = {1993},
  volume = {3},
  pages = {307--318}
}

@ARTICLE{BRW05,
  author = {T. Batu and R. Rubinfeld and P. White},
  title = {Fast Approximate {$PCP$}s for Multidimensional Bin-Packing Problems},
  journal = {Information and Computation},
  year = {2005},
  volume = {196},
  pages = {42--56},
  number = {1}
}

@INPROCEEDINGS{BRW99,
  author = {T. Batu and R. Rubinfeld and P. White},
  title = {Fast Approximate PCPs for Multidimensional Bin-Packing Problems},
  booktitle = {Proceedings of the 3rd International Workshop on Randomization and
	Approximation Techniques in Computer Science (RANDOM)},
  year = {1999},
  pages = {245-256}
}

@ARTICLE{BSS08,
  author = {I. Benjamini and O. Schramm and A. Shapira},
  title = {Every Minor-Closed Property of Sparse Graphs is Testable},
  journal = {Advances in Mathematics},
  year = {2010},
  volume = {223},
  pages = {2200--2218},
  number = {6}
}

@ARTICLE{BhGr+12,
  author = {A. Bhattacharyya and E. Grigorescu and M. Jha and K. Jung and S.
	Raskhodnikova and D. Woodruff},
  title = {Lower Bounds for Local Monotonicity Reconstruction from Transitive-Closure
	Spanners},
  journal = {SIAM Journal of Discrete Math},
  year = {2012},
  volume = {26},
  pages = {618-646},
  number = {2},
  owner = {scomand},
  timestamp = {2014.07.04}
}

@INPROCEEDINGS{BGJRW09,
  author = {A. Bhattacharyya and E. Grigorescu and K. Jung and S. Raskhodnikova
	and D. Woodruff},
  title = {Transitive-closure spanners},
  booktitle = {Proceedings of the 18th Annual Symposium on Discrete Algorithms (SODA)},
  year = {2009},
  pages = {531--540}
}

@ARTICLE{BLR93,
  author = {Manuel Blum and Michael Luby and Ronitt Rubinfeld},
  title = {Self-Testing/Correcting with Applications to Numerical Problems},
  journal = {Journal of Computer and System Sciences},
  year = {1993},
  volume = {47},
  pages = {549--595},
  number = {3}
}

@ARTICLE{BLR,
  author = {M. Blum and M. Luby and R. Rubinfeld},
  title = {Self-testing/correcting with applications to numerical problems},
  journal = {Proceedings of the 22nd Annual ACM Symposium on the Theory of Computing
	(STOC)},
  year = {1990},
  pages = {73-83}
}

@MISC{Br08,
  author = {Z. Brakerski},
  title = {Local property restoring},
  howpublished = {Manuscript},
  year = {2008},
  owner = {scomand},
  timestamp = {2014.07.04}
}

@INPROCEEDINGS{CaGuRu13,
  author = {A. Campagna and A. Guo and R. Rubinfeld},
  title = {Local Reconstructors and Tolerant Testers for Connectivity and Diameter},
  booktitle = {Workshop on Approximation, Randomization, and Combinatorial Optimization.
	Algorithms and Techniques (RANDOM-APPROX)},
  year = {2013},
  pages = {411-424},
  owner = {scomand},
  timestamp = {2014.07.04}
}

@ARTICLE{ChSe11-j,
  author = {B. Chazelle and C. Seshadhri},
  title = {Online geometric reconstruction},
  journal = {Journal of the ACM},
  year = {2011},
  volume = {58},
  pages = {14},
  number = {4},
  owner = {scomand},
  timestamp = {2013.10.18}
}

@ARTICLE{CGKS98,
  author = {B. Chor and O. Goldreich and E. Kushilevitz and M. Sudan},
  title = {Private information retrieval},
  journal = {Journal of the ACM},
  year = {1998},
  volume = {45},
  pages = {965--981}
}

@ARTICLE{DGLRRS99,
  author = {Y. Dodis and O. Goldreich and E. Lehman and S. Raskhodnikova and
	D. Ron and A. Samorodnitsky},
  title = {Improved Testing Algorithms for Monotonicity},
  journal = {Proceedings of the 3rd International Workshop on Randomization and
	Approximation Techniques in Computer Science (RANDOM)},
  year = {1999},
  pages = {97-108}
}

@ARTICLE{EKK+00,
  author = {F. Ergun and S. Kannan and R. Kumar and R. Rubinfeld and M. Viswanathan},
  title = {Spot-checkers},
  journal = {Journal of Computer Systems and Sciences (JCSS)},
  year = {2000},
  volume = {60},
  pages = {717--751},
  number = {3}
}

@INPROCEEDINGS{FR,
  author = {S. Fattal and D. Ron},
  title = {Approximating the Distance to Monotonicity in High Dimensions},
  booktitle = {http://www.eng.tau.ac.il/~danar/Public-pdf/app-mon-long.pdf}
}

@ARTICLE{E04,
  author = {E. Fischer},
  title = {On the strength of comparisons in property testing},
  journal = {Information and Computation},
  year = {2004},
  volume = {189},
  pages = {107--116},
  number = {1}
}

@ARTICLE{FischerSurvey,
  author = {E. Fischer},
  title = {The Art of Uninformed Decisions: A Primer to Property Testing},
  journal = {Bulletin of EATCS},
  year = {2001},
  volume = {75},
  pages = {97-126}
}

@ARTICLE{FLNRRS02,
  author = {E. Fischer and E. Lehman and I. Newman and S. Raskhodnikova and R.
	Rubinfeld},
  title = {Monotonicity Testing over General Poset Domains},
  journal = {Proceedings of the 34th Annual ACM Symposium on the Theory of Computing
	(STOC)},
  year = {2002},
  pages = {474-483}
}

@INPROCEEDINGS{ELNRR02,
  author = {E. Fischer and E. Lehman and I. Newman and S. Raskhodnikova and R.
	Rubinfeld and A. Samorodnitsky},
  title = {Monotonicity testing over general poset domains},
  booktitle = {Proceedings of the 34th Annual Symposium on Theory of Computing (STOC)},
  year = {2002},
  pages = {474--483}
}

@ARTICLE{FN05,
  author = {E. Fischer and I. Newman},
  title = {Testing Versus Estimation of Graph Properties},
  journal = {SIAM Journal on Computing},
  year = {2007},
  volume = {37},
  pages = {482--501},
  number = {2}
}

@INPROCEEDINGS{GLRSW,
  author = {P. Gemmell and R. Lipton and R. Rubinfeld and M. Sudan and A. Wigderson},
  title = {Self-testing/correcting for polynomials and for approximate functions},
  booktitle = {Proceedings of the 23rd Annual Symposium on Theory of Computing (STOC)},
  year = {1991},
  pages = {32--42}
}

@ARTICLE{GoldreichSurvey,
  author = {O. Goldreich},
  title = {Combinatorial Property Testing - A survey},
  journal = {Randomization Methods in Algorithm Design},
  year = {1998},
  pages = {45-60}
}

@ARTICLE{GGLRS00,
  author = {O. Goldreich and S. Goldwasser and E. Lehman and D. Ron and A. Samordinsky},
  title = {Testing Monotonicity},
  journal = {Combinatorica},
  year = {2000},
  volume = {20},
  pages = {301-337}
}

@ARTICLE{GGR98,
  author = {O. Goldreich and S. Goldwasser and D. Ron},
  title = {Property Testing and its Connection to Learning and Approximation},
  journal = {Journal of the ACM},
  year = {1998},
  volume = {45},
  pages = {653-750},
  number = {4}
}

@ARTICLE{HK04,
  author = {S. Halevy and E. Kushilevitz},
  title = {Testing monotonicity over graph products},
  journal = {Random Structures and Algorithms},
  year = {2008},
  volume = {33},
  pages = {44--67},
  number = {1}
}

@ARTICLE{HalevyKushilevitz04,
  author = {S. Halevy and E. Kushilevitz},
  title = {Testing Monotonicity over Graph Products},
  journal = {Proceedings of the 31st International Colloquium on Automata, Languages
	and Programming (ICALP)},
  year = {2004},
  pages = {721-732}
}

@ARTICLE{HK03,
  author = {S. Halevy and E. Kushilevitz},
  title = {Distribution-free Property Testing},
  journal = {Proceedings of the 7th International Workshop on Randomization and
	Approximation Techniques in Computer Science (RANDOM)},
  year = {2003},
  pages = {302-317}
}

@ARTICLE{EKK98,
  author = {C. M. Hoffman and J. E. Hopcroft and M. S. Karasick},
  title = {Towards implementing robust geometric computations},
  journal = {Proceedings of the 4th Annual Symposium on Computational Geometry
	(SoCG)},
  year = {1988},
  pages = {106-117}
}

@ARTICLE{HHK,
  author = {C. M. Hoffman and J. E. Hopcroft and M. S. Karasick},
  title = {Towards implementing robust geometric computations},
  journal = {Proceedings of the 4th Annual Symposium on Computational Geometry
	(SoCG)},
  year = {1988},
  pages = {106-117}
}

@ARTICLE{JhRa13,
  author = {M. Jha and S. Raskhodnikova},
  title = {Testing and Reconstruction of Lipschitz Functions with Applications
	to Data Privacy},
  journal = {SIAM Journal of Computing},
  year = {2013},
  volume = {42},
  pages = {700-731},
  number = {2},
  owner = {scomand},
  timestamp = {2014.07.04}
}

@ARTICLE{KalS11-j,
  author = {S. Kale and C. Seshadhri},
  title = {Testing Expansion in Bounded Degree Graphs},
  journal = {SIAM Journal on Computing},
  year = {2011},
  volume = {40},
  pages = {709-720},
  number = {3},
  owner = {scomand},
  timestamp = {2014.07.04}
}

@INPROCEEDINGS{KT00,
  author = {J. Katz and L. Trevisan},
  title = {On the efficiency of local decoding procedures for error-correcting
	codes},
  booktitle = {Proceedings of the 32th Annual Symposium on Theory of Computing (STOC)},
  year = {2000},
  pages = {80--86}
}

@INPROCEEDINGS{MOP01,
  author = {N. Mishra and D. Oblinger and L. Pitt},
  title = {Sublinear time approximate clustering},
  booktitle = {Proceedings of 12th Annual Symposium on Discrete Algorithms (SODA)},
  year = {2001},
  pages = {439--447}
}

@BOOK{MR,
  title = {Randomized Algorithms},
  publisher = {Cambridge University Press},
  year = {1995},
  author = {R. Motwani and P. Raghavan}
}

@ARTICLE{PRR04,
  author = {M. Parnas and D. Ron and R. Rubinfeld},
  title = {Tolerant Property Testing and Distance Approximation},
  journal = {Journal of Computer and System Sciences},
  year = {2006},
  volume = {6},
  pages = {1012-1042},
  number = {72}
}

@ARTICLE{Reed03,
  author = {B. Reed},
  title = {The Height of a Random Binary Search Tree},
  journal = {Journal of the ACM},
  year = {2003},
  volume = {50},
  pages = {306-332}
}

@ARTICLE{RonSurvey,
  author = {D. Ron},
  title = {Property Testing},
  journal = {Handbook on Randomization},
  year = {2001},
  volume = {II},
  pages = {597-649}
}

@ARTICLE{PR07,
  author = {Dana Ron and Michal Parnas},
  title = {Approximating the minimum vertex cover in sublinear time and a connection
	to distributed algorithms},
  journal = {Theoretical Computer Science},
  year = {2007},
  volume = {381},
  pages = {183--196}
}

@ARTICLE{RS96,
  author = {R. Rubinfeld and M. Sudan},
  title = {Robust Characterization of Polynomials with Applications to Program
	Testing},
  journal = {SIAM Journal of Computing},
  year = {1996},
  volume = {25},
  pages = {647-668}
}

@ARTICLE{RubinfeldSudan96,
  author = {R. Rubinfeld and M. Sudan},
  title = {Robust Characterization of Polynomials with Applications to Program
	Testing},
  journal = {SIAM Journal of Computing},
  year = {1996},
  volume = {25},
  pages = {647-668}
}

@INPROCEEDINGS{RuTaVa+11,
  author = {R. Rubinfeld and G. Tamir and S. Vardi and N. Xie},
  title = {Fast Local Computation Algorithms},
  booktitle = {Proceedings of Innovations in Computer Science},
  year = {2011},
  pages = {223-238},
  owner = {scomand},
  timestamp = {2014.07.04}
}

@ARTICLE{SS06,
  author = {M. Saks and C. Seshadhri},
  title = {Local Monotonicity Reconstruction},
  journal = {SIAM Journal of Computing},
  year = {2006},
  volume = {39},
  pages = {2897-2926},
  number = {7},
  booktitle = {Proceedings of 19th Annual Symposium on Discrete Algorithms (SODA)}
}

@ARTICLE{SSG,
  author = {S. Salesin and J. Stolfi and L. J. Guibas},
  title = {Epsilon geometry: building robust algorithms from imprecise computations},
  journal = {Proceedings of the 5th Annual Symposium on Computational Geometry
	(SoCG)},
  year = {1989},
  pages = {208-217}
}

@ARTICLE{STV01,
  author = {M. Sudan and L. Trevisan and S. Vadhan},
  title = { Pseudorandom Generators without the {$XOR$} Lemma},
  journal = {Journal of Computer and System Sciences},
  year = {2001},
  volume = {62},
  pages = {236--266},
  number = {2}
}

@ARTICLE{AT08,
  year = {1993},
  volume = {3},
  pages = {307--318}
}

